@online{url_1,
url = {https://bimcv.cipf.es/bimcv-projects/bimcv-covid19/#1590858128006-9e640421-6711}
}

@online{url_2,
url = {https://github.com/ml-workgroup/covid-19-image-repository/tree/master/png}
}

@online{url_3,
url = {https://sirm.org/category/senza-categoria/covid-19/}
}

@online{url_4,
url = {https://eurorad.org}
}

@online{url_5,
url = {https://github.com/ieee8023/covid-chestxray-dataset}
}

@online{url_6,
url = {https://figshare.com/articles/COVID-19_Chest_X-Ray_Image_Repository/12580328}
}

@online{url_7,
url = {https://github.com/armiro/COVID-CXNet}
}

@online{url_8,
url = {https://www.kaggle.com/c/rsna-pneumonia-detection-challenge/data}
}

@online{url_9,
url = {https://www.kaggle.com/paultimothymooney/chest-xray-pneumonia}
}

@article{chowdhury2020,

  author={Chowdhury, Muhammad E. H. and Rahman, Tawsifur and Khandakar, Amith and Mazhar, Rashid and Kadir, Muhammad Abdul and Mahbub, Zaid Bin and Islam, Khandakar Reajul and Khan, Muhammad Salman and Iqbal, Atif and Emadi, Nasser Al and Reaz, Mamun Bin Ibne and Islam, Mohammad Tariqul},
  journal={IEEE Access}, 
  title={Can AI Help in Screening Viral and COVID-19 Pneumonia?}, 
  year={2020},
  volume={8},
  number={},
  pages={132665-132676},
  keywords={Diseases;Lung;Databases;X-ray imaging;Machine learning;Tools;COVID-19;Artificial intelligence;COVID-19 pneumonia;machine learning;transfer learning;viral pneumonia;computer-aided diagnostic tool},
  doi={10.1109/ACCESS.2020.3010287}}


@article{rahman2020,
title = {Exploring the effect of image enhancement techniques on COVID-19 detection using chest X-ray images},
journal = {Computers in Biology and Medicine},
volume = {132},
pages = {104319},
year = {2021},
issn = {0010-4825},
doi = {https://doi.org/10.1016/j.compbiomed.2021.104319},
url = {https://www.sciencedirect.com/science/article/pii/S001048252100113X},
author = {Tawsifur Rahman and Amith Khandakar and Yazan Qiblawey and Anas Tahir and Serkan Kiranyaz and Saad Bin {Abul Kashem} and Mohammad Tariqul Islam and Somaya {Al Maadeed} and Susu M. Zughaier and Muhammad Salman Khan and Muhammad E.H. Chowdhury}
}